jcasa@jcasa-ThinkPad-E560.4372:1511352345