biomems
@article{chin2000permanent,
  title={Permanent magnet films for applications in microelectromechanical systems},
  author={Chin, Tsung-Shune},
  journal={{Journal of Magnetism and Magnetic Materials}},
  volume={209},
  number={1},
  pages={75--79},
  year={2000},
  publisher={Elsevier}
}
@article{znaidi2010sol,
  title={Sol--gel-deposited {ZnO} thin films: a review},
  author={Znaidi, Lamia},
  journal={{Materials Science and Engineering: B}},
  volume={174},
  number={1},
  pages={18--30},
  year={2010},
  publisher={Elsevier}
}
@article{choi2006magnetically,
  title={A magnetically excited and sensed {MEMS}-based resonant compass},
  author={Choi, Seungkeun and Kim, S-H and Yoon, Y-K and Allen, Mark G},
  journal={{IEEE Transactions on Magnetics}},
  volume={42},
  number={10},
  pages={3506--3508},
  year={2006},
  publisher={IEEE}
}
@article{choi2006magnetically2,
  title={A magnetically excited and sensed {MEMS}-based resonant compass},
  author={Choi, Seungkeun and Kim, S-H and Yoon, Y-K and Allen, Mark G},
  journal={{IEEE International Magnetics Conference (Intermag), San Diego, CA}},
  year={2006}
  }
@article{choi2011nonlinear,
  title={Nonlinear sensitivity enhancement of resonant microsensors and its application to low power magnetic sensing},
  author={Choi, Seungkeun and Yoon, Yong-Kyu and Kim, Seong-Hyok and Allen, Mark G},
  journal={{Journal of Micromechanics and Microengineering}},
  volume={21},
  number={4},
  pages={045004},
  year={2011},
  publisher={IOP Publishing}
}
@article{yoon2006multidirectional,
  title={Multidirectional {UV} lithography for complex {3-D} {MEMS} structures},
  author={Yoon, Y-K and Park, J-H and Allen, Mark G},
  journal={{Journal of microelectromechanical systems}},
  volume={15},
  number={5},
  pages={1121--1130},
  year={2006},
  publisher={IEEE}
}
@article{wulateral,
  title={LATERAL LAMINATION APPROACH FOR MULTILAYER PIEZOELECTRIC MICROACTUATOR},
  author={Wu, Xiaosong and Yuan, Guang and Choi, Seong-O and Zhao, Yanzhu and Kim, Seong-Hyok and Yoon, Yong-Kyu and Allen, Mark G},
  journal={{Solid-State Sensor, Actuator, and Microsystems Workshop, Hilton Head Island, SC}},
  year={2006},
  pages={372--375}
}
@article{kim2014microwave,
  title={Microwave characteristics of sol-gel based {Ag}-doped ({Ba}$_{0.6}$ {Sr}$_{0.4}$) {TiO}$_{3}$ thin films},
  author={Kim, Kyoung-Tae and Kim, Cheolbok and Senior, David E and Kim, Dongsu and Yoon, Yong-Kyu},
  journal={{Thin Solid Films}},
  volume={565},
  pages={172--178},
  year={2014},
  publisher={Elsevier}
}
@article{yoon2005low,
  title={Low-loss microelectrodes fabricated using reverse-side exposure for a tunable ferroelectric capacitor application},
  author={Yoon, Yong-Kyu and Kenney, J Stevenson and Hunt, Andrew T and Allen, Mark G},
  journal={{Journal of Micromechanics and Microengineering}},
  volume={16},
  number={2},
  pages={225},
  year={2005},
  publisher={IOP Publishing}
}
@article{yoon2003reduced,
  title={A reduced intermodulation distortion tunable ferroelectric capacitor-architecture and demonstration},
  author={Yoon, Yong-Kyu and Kim, Dongsu and Allen, Mark G and Kenney, J Stevenson and Hunt, Andrew T},
  journal={{IEEE transactions on Microwave Theory and Techniques}},
  volume={51},
  number={12},
  pages={2568--2576},
  year={2003},
  publisher={IEEE}
}
@article{rahimi2016study,
  title={Study on {Cu/Ni} nano superlattice conductors for reduced {RF} loss},
  author={Rahimi, Arian and Yoon, Yong-Kyu},
  journal={{IEEE Microwave and Wireless Components Letters}},
  volume={26},
  number={4},
  pages={258--260},
  year={2016},
  publisher={IEEE}
}
@article{rahimi2015cylindrical,
  title={Cylindrical radial superlattice conductors for low loss microwave components},
  author={Rahimi, Arian and Wu, Jiyu and Cheng, Xiaoyu and Yoon, Yong-Kyu ‘YK’},
  journal={Journal of Applied Physics},
  volume={117},
  number={10},
  pages={103911},
  year={2015},
  publisher={AIP Publishing}
}
@article{yoon2013multi,
  title={Multiferroics for Frequency Agile Microwave Applications},
  author={Yoon, Yong-Kyu},
  journal={{The Journal of Korean-American Scientists and Engineering Association}},
  volume={42},
  number={1},
  pages={37--39},
  year={2013}
  }
@article{kim2014room,
  title={Room temperature multiferroic properties of ({Fe}$_x$, {Sr}$_{1-x}$) {TiO}$_3$ thin films},
  author={Kim, Kyoung-Tae and Kim, Cheolbok and Fang, Sheng-Po and Yoon, Yong-Kyu},
  journal={{Applied Physics Letters}},
  volume={105},
  number={10},
  pages={102903},
  year={2014},
  publisher={AIP Publishing}
}
@article{wang2013resin,
  title={Resin-bonded {NdFeB} micromagnets for integration into electromagnetic vibration energy harvesters},
  author={Wang, Pei-hong and Tao, Kai and Yang, Zhuo-qing and Ding, Gui-fu},
  journal={{Journal of Zhejiang University SCIENCE C}},
  volume={14},
  number={4},
  pages={283--287},
  year={2013},
  publisher={Springer}
}
@article{jiang2011micro,
  title={Micro-structuring of thick {NdFeB} films using high-power plasma etching for magnetic {MEMS} application},
  author={Jiang, Yonggang and Masaoka, Shingo and Uehara, Minoru and Fujita, Takayuki and Higuchi, Kohei and Maenaka, Kazusuke},
  journal={{Journal of Micromechanics and Microengineering}},
  volume={21},
  number={4},
  pages={045011},
  year={2011},
  publisher={IOP Publishing}
}
@article{walther2009micro,
  title={Micro-patterning of {NdFeB} and {SmCo} magnet films for integration into micro-electro-mechanical-systems},
  author={Walther, Arnaud and Marcoux, C and Desloges, B and Grechishkin, R and Givord, Dominique and Dempsey, NM},
  journal={{Journal of Magnetism and Magnetic Materials}},
  volume={321},
  number={6},
  pages={590--594},
  year={2009},
  publisher={Elsevier}
}
@article{yoon2006multidirectional,
  title={Multidirectional {UV} lithography for complex {3-D} {MEMS} structures},
  author={Yoon, Y-K and Park, J-H and Allen, Mark G},
  journal={{Journal of Microelectromechanical Systems}},
  volume={15},
  number={5},
  pages={1121--1130},
  year={2006},
  publisher={IEEE}
}


@article{yoon2003reduced,
  title={A reduced intermodulation distortion tunable ferroelectric capacitor-architecture and demonstration},
  author={Yoon, Yong-Kyu and Kim, Dongsu and Allen, Mark G and Kenney, J Stevenson and Hunt, Andrew T},
  journal={{IEEE Transactions on Microwave Theory and Techniques}},
  volume={51},
  number={12},
  pages={2568--2576},
  year={2003},
  publisher={IEEE}
}

@techreport{dupont2003fenics,
  title={The {F}eni{CS} project},
  author={Dupont, Todd and Hoffman, Johan and Johnson, Claus and Kirby, Robert C and Larson, Mats G and Logg, Anders and Scott, L Ridgway},
  year={2003},
  institution={Tech. Rep. 2003--21, Chalmers Finite Element Center Preprint Series}
}

@article{harrison2003low,
  title={A low-power low-noise {CMOS} amplifier for neural recording applications},
  author={Harrison, Reid R and Charles, Cameron},
  journal={{IEEE Journal of Solid-State Circuits}},
  volume={38},
  number={6},
  pages={958--965},
  year={2003},
  publisher={IEEE}
}

@article{li2013review,
  title={A review on recent advances in {D}oppler radar sensors for noncontact healthcare monitoring},
  author={Li, Changzhi and Lubecke, Victor M and Boric-Lubecke, Olga and Lin, Jenshan},
  journal={{IEEE Transactions on Microwave Theory and Techniques}},
  volume={61},
  number={5},
  pages={2046--2060},
  year={2013},
  publisher={IEEE}
}

@article{duan2016optical,
  title={Optical coherence tomography endoscopic probe based on a tilted {MEMS} mirror},
  author={Duan, Can and Tanguy, Quentin and Pozzi, Antonio and Xie, Huikai},
  journal={{Biomedical Optics Express}},
  volume={7},
  number={9},
  pages={3345--3354},
  year={2016},
  publisher={Optical Society of America}
}

@article{tadigadapa2009piezoelectric,
  title={Piezoelectric {MEMS} sensors: state-of-the-art and perspectives},
  author={Tadigadapa, S and Mateti, K},
  journal={{Measurement Science and technology}},
  volume={20},
  number={9},
  pages={092001},
  year={2009},
  publisher={IOP Publishing}
}

@article{butta2012sources,
  title={Sources of noise in a magnetometer based on orthogonal fluxgate operated in fundamental mode},
  author={Butta, Mattia and Sasada, Ichiro},
  journal={{IEEE Transactions on Magnetics}},
  volume={48},
  number={4},
  pages={1508--1511},
  year={2012},
  publisher={IEEE}
}

@article{hanzlik2002pulsed,
  title={Pulsed-field-remanence measurements on individual magnetotactic bacteria},
  author={Hanzlik, Marianne and Winklhofer, Michael and Petersen, Nikolai},
  journal={{Journal of Magnetism and Magnetic Materials}},
  volume={248},
  number={2},
  pages={258--267},
  year={2002},
  publisher={Elsevier}
}
@article{arnold2009permanent,
  title={Permanent magnets for {MEMS}},
  author={Arnold, David P and Wang, Naigang},
  journal={{Journal of Microelectromechanical Systems}},
  volume={18},
  number={6},
  pages={1255--1266},
  year={2009},
  publisher={IEEE}
}

@article{shen2008design,
  title={The design, fabrication and evaluation of a {MEMS} {PZT} cantilever with an integrated {Si} proof mass for vibration energy harvesting},
  author={Shen, Dongna and Park, Jung-Hyun and Ajitsaria, Jyoti and Choe, Song-Yul and Wikle III, Howard C and Kim, Dong-Joo},
  journal={{Journal of Micromechanics and Microengineering}},
  volume={18},
  number={5},
  pages={055017},
  year={2008},
  publisher={IOP Publishing}
}

@article{van2006resonant,
  title={Resonant frequencies of a rectangular cantilever beam immersed in a fluid},
  author={Van Eysden, Cornelis A and Sader, John E},
  journal={{Journal of Applied Physics}},
  volume={100},
  number={11},
  pages={114916},
  year={2006},
  publisher={AIP}
}

@article{eder2012magnetic,
  title={Magnetic characterization of isolated candidate vertebrate magnetoreceptor cells},
  author={Eder, Stephan HK and Cadiou, Herv{\'e} and Muhamad, Airina and McNaughton, Peter A and Kirschvink, Joseph L and Winklhofer, Michael},
  journal={{Proceedings of the National Academy of Sciences of the United States of America}},
  pages={12022--12027},
  year={2012},
  publisher={JSTOR}
}

@article{kirschvink2001magnetite,
  title={Magnetite-based magnetoreception},
  author={Kirschvink, Joseph L and Walker, Michael M and Diebel, Carol E},
  journal={{Current Opinion in Neurobiology}},
  volume={11},
  number={4},
  pages={462--467},
  year={2001},
  publisher={Elsevier}
}
@book{coey2010magnetism,
  title={Magnetism and magnetic materials},
  author={Coey, John MD},
  year={2010},
  publisher={Cambridge University Press}
}


@article{sasada2002orthogonal,
  title={Orthogonal fluxgate mechanism operated with {DC} biased excitation},
  author={Sasada, I},
  journal={{Journal of Applied Physics}},
  volume={91},
  number={10},
  pages={7789--7791},
  year={2002},
  publisher={AIP}
}
@article{sinha201627,
  title={27 pT Silicon Nitride {MEMS} Magnetometer for Brain Imaging},
  author={Sinha, Kushagra and Tabib-Azar, Massood},
  journal={{IEEE Sensors Journal}},
  volume={16},
  number={17},
  pages={6551--6558},
  year={2016},
  publisher={IEEE}
}
@article{kyynarainen20083d,
  title={A 3{D} micromechanical compass},
  author={Kyyn{\"a}r{\"a}inen, Jukka and Saarilahti, Jaakko and Kattelus, Hannu and K{\"a}rkk{\"a}inen, Anu and Meinander, Tor and Oja, Aarne and Pekko, Panu and Sepp{\"a}, Heikki and Suhonen, Mika and Kuisma, Heikki and others},
  journal={{Sensors and Actuators A: Physical}},
  volume={142},
  number={2},
  pages={561--568},
  year={2008},
  publisher={Elsevier}
}
@article{tadigadapa2009piezoelectric,
  title={Piezoelectric {MEMS} sensors: state-of-the-art and perspectives},
  author={Tadigadapa, S and Mateti, K},
  journal={{Measurement Science and Technology}},
  volume={20},
  number={9},
  pages={092001},
  year={2009},
  publisher={IOP Publishing}
}
@inproceedings{kumar2015ultra,
  title={Ultra sensitive {L}orentz force {MEMS} magnetometer with pico-tesla limit of detection},
  author={Kumar, Varun and Mahdavi, Mohammad and Guo, Xiaobo and Mehdizadeh, Emad and Pourkamali, Siavash},
  booktitle={{Micro Electro Mechanical Systems ({MEMS}), 2015 28th IEEE International Conference on}},
  pages={204--207},
  year={2015},
  organization={IEEE}
}
@article{shah2013compact,
  title={A compact, high performance atomic magnetometer for biomedical applications},
  author={Shah, Vishal K and Wakai, Ronald T},
  journal={{Physics in Medicine and Biology}},
  volume={58},
  number={22},
  pages={8153},
  year={2013},
  publisher={IOP Publishing}
}
@article{lenz2006magnetic,
  title={Magnetic sensors and their applications},
  author={Lenz, James and Edelstein, S},
  journal={{IEEE Sensors Journal}},
  volume={6},
  number={3},
  pages={631--649},
  year={2006},
  publisher={IEEE}
}
@article{johnsen2005physics,
  title={The physics and neurobiology of magnetoreception},
  author={Johnsen, S{\"o}nke and Lohmann, Kenneth J},
  journal={{Nature Reviews Neuroscience}},
  volume={6},
  number={9},
  pages={703--712},
  year={2005},
  publisher={Nature Publishing Group}
}
@inproceedings{thompson2009parametrically,
  title={Parametrically amplified {MEMS} magnetometer},
  author={Thompson, Matthew J and Horsley, David A},
  booktitle={{Solid-State Sensors, Actuators and Microsystems Conference, 2009. TRANSDUCERS 2009. International}},
  pages={1194--1197},
  year={2009},
  organization={IEEE}
}
@article{uchiyama2014highly,
  title={Highly sensitive {CMOS} magnetoimpedance sensor using miniature multi-core head based on amorphous wire},
  author={Uchiyama, Tsuyoshi and Hamada, Norihiko and Cai, Changmei},
  journal={{IEEE Transactions on Magnetics}},
  volume={50},
  number={11},
  pages={1--4},
  year={2014},
  publisher={IEEE}
}
@article{dodson2013radical,
  title={A radical sense of direction: signalling and mechanism in cryptochrome magnetoreception},
  author={Dodson, Charlotte A and Hore, PJ and Wallace, Mark I},
  journal={{Trends in Biochemical Sciences}},
  volume={38},
  number={9},
  pages={435--446},
  year={2013},
  publisher={Elsevier}
}
@article{alfadhel2014magnetic,
  title={A magnetic nanocomposite for biomimetic flow sensing},
  author={Alfadhel, Ahmed and Li, Bodong and Zaher, Amir and Yassine, Omar and Kosel, J{\"u}rgen},
  journal={{Lab on a Chip}},
  volume={14},
  number={22},
  pages={4362--4369},
  year={2014},
  publisher={Royal Society of Chemistry}
}
@article{sasada2014fundamental,
  title={Fundamental mode orthogonal fluxgate gradiometer},
  author={Sasada, Ichiro and Harada, Shoumu},
  journal={{IEEE Transactions on Magnetics}},
  volume={50},
  number={11},
  pages={1--4},
  year={2014},
  publisher={IEEE}
}
@article{levinzon2004fundamental,
  title={Fundamental noise limit of piezoelectric accelerometer},
  author={Levinzon, Felix A},
  journal={{IEEE Sensors Journal}},
  volume={4},
  number={1},
  pages={108--111},
  year={2004},
  publisher={IEEE}
}


range
@article{savory1983savory,
  title={The Savory grazing method or holistic resource management},
  author={Savory, Allan},
  journal={Rangelands},
  pages={155--159},
  year={1983},
  publisher={JSTOR}
}

@misc{savoryzim,
  title={Holistic management of livestock, Zimbabwe, 2001 - 2009},
  publisher={Savory Institute},
  author={Andrea Malmberg and Jody Butterfield},
  year={Accessed January 30, 2017}
  }

@article{kahan2006impact,
  title={The impact of vegetation and soil parameters in simulations of surface energy and water balance in the semi-arid sahel: A case study using SEBEX and HAPEX-Sahel data},
  author={Kahan, Daniel S and Xue, Yongkang and Allen, Simon J},
  journal={Journal of Hydrology},
  volume={320},
  number={1},
  pages={238--259},
  year={2006},
  publisher={Elsevier}
}
@article{kennedy2008effect,
  title={Effect of herbage allowance and concentrate supplementation on dry matter intake, milk production and energy balance of early lactating dairy cows},
  author={Kennedy, E and O'Donovan, M and Delaby, L and O'Mara, FP},
  journal={Livestock Science},
  volume={117},
  number={2},
  pages={275--286},
  year={2008},
  publisher={Elsevier}
}
@article{harper1999direct,
  title={Direct measurements of methane emissions from grazing and feedlot cattle.},
  author={Harper, LA and Denmead, OT and Freney, JR and Byers, FM},
  journal={Journal of Animal Science},
  volume={77},
  number={6},
  pages={1392--1401},
  year={1999}
}

@article{dragan2003application,
  title={Application of a spatial decision support system ({SDSS}) to reduce soil erosion in northern {E}thiopia},
  author={Dragan, Massimo and Feoli, Enrico and Fernetti, Michele and Zerihun, Woldu},
  journal={Environmental Modelling \& Software},
  volume={18},
  number={10},
  pages={861--868},
  year={2003},
  publisher={Elsevier}
}

@article{coughenour1991spatial,
  title={Spatial components of plant-herbivore interactions in pastoral, ranching, and native ungulate ecosystems},
  author={Coughenour, Michael B},
  journal={Journal of Range Management},
  volume={44},
  number={6},
  pages={530--542},
  year={1991}
}
@misc{wwf,
  title={Sahelian Acacia savanna},
  publisher={Available at: http://www.worldwildlife.org/ecoregions/at0713},
  author={World Wildlife Fund},
  year={Accessed January 30, 2017}
  }

@article{darkoh1998nature,
  title={The nature, causes and consequences of desertification in the drylands of Africa},
  author={Darkoh, Michael Bernard Kwesi},
  journal={Land Degradation \& Development},
  volume={9},
  number={1},
  pages={1--20},
  year={1998}
}
@article{reeder2002influence,
  title={Influence of livestock grazing on C sequestration in semi-arid mixed-grass and short-grass rangelands},
  author={Reeder, JD and Schuman, GE},
  journal={Environmental pollution},
  volume={116},
  number={3},
  pages={457--463},
  year={2002},
  publisher={Elsevier}
}
@article{fuhlendorf2001restoring,
  title={Restoring Heterogeneity on Rangelands: Ecosystem Management Based on Evolutionary Grazing Patterns: We propose a paradigm that enhances heterogeneity instead of homogeneity to promote biological diversity and wildlife habitat on rangelands grazed by livestock},
  author={Fuhlendorf, Samuel D and Engle, David M},
  journal={BioScience},
  volume={51},
  number={8},
  pages={625--632},
  year={2001},
  publisher={BioOne}
}
@misc{agouridis2005livestock,
  title={Livestock grazing management impacts on stream water quality: a review1},
  author={Agouridis, Carmen T and Workman, Stephen R and Warner, Richard C and Jennings, Gregory D},
  year={2005},
  publisher={Wiley Online Library}
}
@article{liebig2010grazing,
  title={Grazing management contributions to net global warming potential: a long-term evaluation in the Northern Great Plains},
  author={Liebig, MA and Gross, JR and Kronberg, SL and Phillips, RL},
  journal={Journal of Environmental Quality},
  volume={39},
  number={3},
  pages={799--809},
  year={2010},
  publisher={American Society of Agronomy, Crop Science Society of America, Soil Science Society}
}

@article{liebig2010grazing,
  title={Grazing management contributions to net global warming potential: a long-term evaluation in the Northern Great Plains},
  author={Liebig, MA and Gross, JR and Kronberg, SL and Phillips, RL},
  journal={Journal of Environmental Quality},
  volume={39},
  number={3},
  pages={799--809},
  year={2010},
  publisher={American Society of Agronomy, Crop Science Society of America, Soil Science Society}
}
@article{pyke2002rangeland,
  title={Rangeland health attributes and indicators for qualitative assessment},
  author={Pyke, David A and Herrick, Jeffrey E and Shaver, Patrick and Pellant, Mike},
  journal={Journal of range management},
  pages={584--597},
  year={2002},
  publisher={JSTOR}
}
@article{powell1996nutrient,
  title={Nutrient cycling in integrated rangeland/cropland systems of the {S}ahel},
  author={Powell, JM and Fernandez-Rivera, S and Hiernaux, P and Turner, MD},
  journal={Agricultural Systems},
  volume={52},
  number={2-3},
  pages={143--170},
  year={1996},
  publisher={Elsevier}
}
@article{mabbutt1987implementation,
  title={Implementation of the plan of action to combat desertification: Progress since UNCOD},
  author={Mabbutt, JA},
  journal={Land Use Policy},
  volume={4},
  number={4},
  pages={371--388},
  year={1987},
  publisher={Elsevier}
}
@article{graef2001spatial,
  title={Spatial and temporal rainfall variability in the {S}ahel and its effects on farmers' management strategies},
  author={Graef, F and Haigis, J},
  journal={Journal of Arid Environments},
  volume={48},
  number={2},
  pages={221--231},
  year={2001},
  publisher={Elsevier}
}
@article{knox2012remote,
  title={Remote sensing of forage nutrients: Combining ecological and spectral absorption feature data},
  author={Knox, Nichola M and Skidmore, Andrew K and Prins, Herbert HT and Heitk{\"o}nig, Ignas MA and Slotow, Rob and van der Waal, Cornelis and de Boer, William F},
  journal={ISPRS Journal of Photogrammetry and Remote Sensing},
  volume={72},
  pages={27--35},
  year={2012},
  publisher={Elsevier}
}
@article{pickup1996estimating,
  title={Estimating the effects of land degradation and rainfall variation on productivity in rangelands: an approach using remote sensing and models of grazing and herbage dynamics},
  author={Pickup, G},
  journal={Journal of Applied Ecology},
  pages={819--832},
  year={1996},
  publisher={JSTOR}
}
@article{dardel2014re,
  title={Re-greening {S}ahel: 30years of remote sensing data and field observations (Mali, Niger)},
  author={Dardel, C and Kergoat, L and Hiernaux, P and Mougin, E and Grippa, M and Tucker, CJ},
  journal={Remote Sensing of Environment},
  volume={140},
  pages={350--364},
  year={2014},
  publisher={Elsevier}
}
@article{breman1983rangeland,
  title={Rangeland productivity and exploitation in the {S}ahel},
  author={Breman, Henk and De Wit, CT},
  journal={Science},
  volume={221},
  number={303},
  pages={1341--1347},
  year={1983}
}
@article{carlson1996comprehensive,
  title={Comprehensive evaluation of the improved {SPUR} model ({SPUR}-91)},
  author={Carlson, DH and Thurow, TL},
  journal={Ecological Modelling},
  volume={85},
  number={2-3},
  pages={229--240},
  year={1996},
  publisher={Elsevier}
}
@article{traore2012regional,
  title={Regional-specific numerical models of evapotranspiration using gene-expression programming interface in {S}ahel},
  author={Traore, Seydou and Guven, Aytac},
  journal={Water Resources Management},
  volume={26},
  number={15},
  pages={4367--4380},
  year={2012},
  publisher={Springer}
}
@article{rango2009unmanned,
  title={Unmanned aerial vehicle-based remote sensing for rangeland assessment, monitoring, and management},
  author={Rango, Albert and Laliberte, Andrea and Herrick, Jeffrey E and Winters, Craig and Havstad, Kris and Steele, Caiti and Browning, Dawn and others},
  journal={Journal of Applied Remote Sensing},
  volume={3},
  number={1},
  pages={033542},
  year={2009},
  publisher={International Society for Optics and Photonics}
}
@article{rango2006using,
  title={Using unmanned aerial vehicles for rangelands: current applications and future potentials},
  author={Rango, Albert and Laliberte, Andrea and Steele, Caiti and Herrick, Jeffrey E and Bestelmeyer, Brandon and Schmugge, Thomas and Roanhorse, Abigail and Jenkins, Vince},
  journal={Environmental Practice},
  volume={8},
  number={03},
  pages={159--168},
  year={2006},
  publisher={Cambridge Univ Press}
}
@article{andrew2003sustainable,
  title={The sustainable grazing systems national experiment. 1. Introduction and methods},
  author={Andrew, MH and Lodge, GM},
  journal={Animal Production Science},
  volume={43},
  number={8},
  pages={695--709},
  year={2003},
  publisher={CSIRO}
}
@article{andrew2003sustainable,
  title={The Sustainable Grazing Systems National Experiment. 2. Scientific outcomes and effectiveness of the research and development processes},
  author={Andrew, MH and Lodge, GM and Mason, WK and Price, RJ},
  journal={Animal Production Science},
  volume={43},
  number={8},
  pages={993--1013},
  year={2003},
  publisher={CSIRO}
}
@article{wark2007transforming,
  title={Transforming agriculture through pervasive wireless sensor networks},
  author={Wark, Tim and Corke, Peter and Sikka, Pavan and Klingbeil, Lasse and Guo, Ying and Crossman, Chris and Valencia, Phil and Swain, Dave and Bishop-Hurley, Greg},
  journal={IEEE Pervasive Computing},
  volume={6},
  number={2},
  year={2007},
  publisher={IEEE}
}


gulf
@article{xu20070,
  title={0.15--3.72 THz absorption of aqueous salts and saline solutions},
  author={Xu, Jing and Plaxco, Kevin W and Allen, S James and Bjarnason, Jon E and Brown, Elliott R},
  journal={Applied physics letters},
  volume={90},
  number={3},
  pages={031908},
  year={2007},
  publisher={AIP Publishing}
}


@misc{petrowiki,
  title={Surface data sensors during drilling},
  author={Petrowiki.org},
  year={2016},
  publisher={Available: http://petrowiki.org/Surface_data_sensors_during_drilling}
}

@article{pottel1969permittivity,
  title={Permittivity and dielectric relaxation of aqueous solutions of hydrocarbons},
  author={Pottel, R and Kaatze, U},
  journal={Berichte der Bunsengesellschaft f{\"u}r physikalische Chemie},
  volume={73},
  number={5},
  pages={437--446},
  year={1969},
  publisher={Wiley Online Library}
}
@article{luo1981densities,
  title={Densities and dielectric constants for some LPG components and mixtures at cryogenic and standard temperatures},
  author={Luo, CC and Miller, RC},
  journal={Cryogenics},
  volume={21},
  number={2},
  pages={85--93},
  year={1981},
  publisher={Elsevier}
}
@article{jin2008analysis,
  title={Analysis of petroleum products and their mixtures by using terahertz time domain spectroscopy},
  author={Jin, Yun-Sik and Kim, Geun-Ju and Shon, Chae-Hwa and Jeon, Seok-Gy and Kim, Jung-Il},
  journal={Journal of the Korean Physical Society},
  volume={53},
  number={4},
  pages={1879--1885},
  year={2008},
  publisher={Korean Physical Society}
}

@article{xu20070,
  title={0.15--3.72 THz absorption of aqueous salts and saline solutions},
  author={Xu, Jing and Plaxco, Kevin W and Allen, S James and Bjarnason, Jon E and Brown, Elliott R},
  journal={Applied physics letters},
  volume={90},
  number={3},
  pages={031908},
  year={2007},
  publisher={AIP Publishing}
}

@article{fodor1996analysis,
  title={Analysis of gasolines by FT-IR spectroscopy},
  author={Fodor, GE and Kohl, KB and Mason, RL},
  journal={Analytical chemistry},
  volume={68},
  number={1},
  pages={23--30},
  year={1996},
  publisher={ACS Publications}
}

@article{wilt1998determination,
  title={Determination of asphaltenes in petroleum crude oils by Fourier transform infrared spectroscopy},
  author={Wilt, Brian K and Welch, William T and Rankin, J Graham},
  journal={Energy \& fuels},
  volume={12},
  number={5},
  pages={1008--1012},
  year={1998},
  publisher={ACS Publications}
}

@article{mendis2009terahertz,
  title={Terahertz microfluidic sensor based on a parallel-plate waveguide resonant cavity},
  author={Mendis, Rajind and Astley, Victoria and Liu, Jingbo and Mittleman, Daniel M},
  journal={Applied Physics Letters},
  volume={95},
  number={17},
  pages={171113},
  year={2009},
  publisher={AIP Publishing}
}

@article{shibayama2016surface,
  title={Surface Plasmon Resonance Waveguide Sensor in the Terahertz Regime},
  author={Shibayama, Jun and Shimizu, Keisuke and Yamauchi, Junji and Nakano, Hisamatsu},
  journal={Journal of Lightwave Technology},
  volume={34},
  number={10},
  pages={2518--2525},
  year={2016},
  publisher={IEEE}
}
@article{neumaier2015terahertz,
  title={Terahertz Gas-Sensors: Gas-Phase Spectroscopy and Multivariate Analysis for Medical and Security Applications},
  author={Neumaier, Philipp F-X and Schmalz, Klaus and Borngr{\"a}ber, Johannes and Kissinger, Dietmar and H{\"u}bers, H-W},
  year={2015}
}

@book{raether1988surface,
  title={Surface plasmons on smooth surfaces},
  author={Raether, Heinz},
  year={1988},
  publisher={Springer}
}

@article{brazier1969effects,
  title={The effects of pressure on the density, dielectric constant, and viscosity of several hydrocarbons and other organic liquids},
  author={Brazier, DW and Freeman, GR},
  journal={Canadian Journal of Chemistry},
  volume={47},
  number={6},
  pages={893--899},
  year={1969},
  publisher={NRC Research Press}
}

@article{ordal1983optical,
  title={Optical properties of the metals Al, Co, Cu, Au, Fe, Pb, Ni, Pd, Pt, Ag, Ti, and W in the infrared and far infrared},
  author={Ordal, MA and Long, LL and Bell, RJ and Bell, SE and Bell, RR and Alexander, RW and Ward, CA},
  journal={Applied Optics},
  volume={22},
  number={7},
  pages={1099--1119},
  year={1983},
  publisher={Optical Society of America}
}

@inproceedings{chahal2014millimeter,
  title={Millimeter wave and terahertz dielectric probe microfluidic sensors},
  author={Chahal, Premjeet and Hejase, Jose A and Shane, Steve and Park, Kyoung Y and Kaur, Amanpreet and Byford, Jennifer},
  booktitle={2014 39th International Conference on Infrared, Millimeter, and Terahertz waves (IRMMW-THz)},
  pages={1--2},
  year={2014},
  organization={IEEE}
}

@incollection{vinnem2014lessons,
  title={Lessons from Macondo Accident},
  author={Vinnem, Jan-Erik},
  booktitle={Offshore Risk Assessment vol 1.},
  pages={165--177},
  year={2014},
  publisher={Springer}
}

@article{xue2013safety,
  title={A safety barrier-based accident model for offshore drilling blowouts},
  author={Xue, Luning and Fan, Jianchun and Rausand, Marvin and Zhang, Laibin},
  journal={Journal of loss prevention in the process industries},
  volume={26},
  number={1},
  pages={164--171},
  year={2013},
  publisher={Elsevier}
}

@book{moan1981alexander,
  title={The Alexander L Kielland accident},
  author={Moan, Torgeir and others},
  year={1981},
  publisher={Sea Grant College Program and the Department of Ocean Engineering Massachusetts Institute of Technology}
}

@article{almar1984investigation,
  title={Investigation of the Alexander L. Kielland failure—Metallurgical and fracture analysis},
  author={Almar-Naess, A and Haagensen, PJ and Lian, B and Moan, T and Simonsen, T},
  journal={Journal of energy resources technology},
  volume={106},
  number={1},
  pages={24--31},
  year={1984},
  publisher={American Society of Mechanical Engineers}
}

@book{spouge1999guide,
  title={A guide to quantitative risk assessment for offshore installations},
  author={Spouge, John and others},
  year={1999},
  publisher={CMPT Aberdeen}
}

@article{dethlefs2012assessing,
  title={Assessing Well-Integrity Risk: A Qualitative Model},
  author={Dethlefs, Jerald and Chastain, Bettina and others},
  journal={SPE Drilling \& Completion},
  volume={27},
  number={02},
  pages={294--302},
  year={2012},
  publisher={Society of Petroleum Engineers}
}

@inproceedings{noynaert2005modeling,
  title={Modeling ultra-deepwater blowouts and dynamic kills and the resulting blowout control best practices recommendations},
  author={Noynaert, Samuel F and Schubert, Jerome J and others},
  booktitle={SPE/IADC Drilling Conference},
  year={2005},
  organization={Society of Petroleum Engineers}
}

@article{skogdalen2012quantitative,
  title={Quantitative risk analysis of oil and gas drilling, using Deepwater Horizon as case study},
  author={Skogdalen, Jon Espen and Vinnem, Jan Erik},
  journal={Reliability Engineering \& System Safety},
  volume={100},
  pages={58--66},
  year={2012},
  publisher={Elsevier}
}

mine
@article{schwartz2014reevaluation,
  title={A reevaluation of time domain reflectometry propagation time determination in soils},
  author={Schwartz, RC and Casanova, JJ and Bell, JM and Evett, SR},
  journal={Vadose Zone Journal},
  volume={13},
  number={1},
  year={2014},
  publisher={The Soil Science Society of America, Inc.},
  keywords={mine}
}

@article{casanova2014development,
  title={Development of a wireless computer vision instrument to detect biotic stress in wheat},
  author={Casanova, Joaquin J and O'Shaughnessy, Susan A and Evett, Steven R and Rush, Charles M},
  journal={Sensors},
  volume={14},
  number={9},
  pages={17753--17769},
  year={2014},
  publisher={Multidisciplinary Digital Publishing Institute},
  keywords={mine}
}

@article{casanova2014design,
  title={Design and field tests of a directly coupled waveguide-on-access-tube soil water sensor},
  author={Casanova, Joaquin J and Schwartz, Robert C and Evett, Steven R},
  journal={Applied Engineering in Agriculture},
  volume={30},
  number={1},
  pages={105--112},
  year={2014},
  publisher={American Society of Agricultural and Biological Engineers},
  keywords={mine}
}
@article{casanova2013directly,
  title={Directly coupled vs. conventional time domain reflectometry in soils},
  author={Casanova, Joaquin J and Schwartz, Robert C and Evett, Steven R and Anderson, Scott K},
  journal={Applied engineering in agriculture},
  volume={29},
  number={5},
  pages={771--777},
  year={2013},
  publisher={American Society of Agricultural and Biological Engineers},
  keywords={mine}
}
@article{casanova2012design,
  title={Design and field tests of an access-tube soil water sensor},
  author={Casanova, JJ and Evett, SR and Schwartz, RC},
  journal={Applied Engineering in Agriculture},
  volume={28},
  number={4},
  pages={603--610},
  year={2012},
  publisher={American Society of Agricultural and Biological Engineers},
  keywords={mine}
}
@article{evett2012soil,
  title={Soil water sensing for water balance, ET and WUE},
  author={Evett, Steven R and Schwartz, Robert C and Casanova, Joaquin J and Heng, Lee K},
  journal={Agricultural Water Management},
  volume={104},
  pages={1--9},
  year={2012},
  publisher={Elsevier},
  keywords={mine}
}
@article{schwartz2013soil,
  title={Soil permittivity response to bulk electrical conductivity for selected soil water sensors},
  author={Schwartz, RC and Casanova, JJ and Pelletier, MG and Evett, SR and Baumhardt, RL},
  journal={Vadose Zone Journal},
  volume={12},
  number={2},
  year={2013},
  publisher={The Soil Science Society of America, Inc.},
  keywords={mine}
}
@article{casanova2012design,
  title={Design of access-tube TDR sensor for soil water content: Testing},
  author={Casanova, Joaquin J and Evett, Steven R and Schwartz, Robert C},
  journal={IEEE Sensors Journal},
  volume={12},
  number={6},
  pages={2064--2070},
  year={2012},
  publisher={IEEE},
  keywords={mine}
}
@article{casanova2012design2,
  title={Design of access-tube TDR sensor for soil water content: Theory},
  author={Casanova, Joaquin J and Evett, Steven R and Schwartz, Robert C},
  journal={IEEE Sensors Journal},
  volume={12},
  number={6},
  pages={1979--1986},
  year={2012},
  publisher={IEEE},
  keywords={mine}
}
@inproceedings{evett2012waveguide,
  title={A waveguide-on-access-tube (WOAT) TDR sensor for deep soil water content and bulk EC},
  author={Evett, Steven and Casanova, Joaquin and Schwartz, Robert},
  booktitle={ASA-CSSA-SSSA Annual Meeting Abstracts},
  number={59-11},
  year={2012},
  organization={ASA-CSSA-SSSA Annual Meeting Abstracts. 2012 CDROM. Paper},
  keywords={mine}
}
@inproceedings{garnica2011high,
  title={High efficiency midrange wireless power transfer system},
  author={Garnica, Jaime and Casanova, Joaquin and Lin, Jenshan},
  booktitle={Microwave Workshop Series on Innovative Wireless Power Transmission: Technologies, Systems, and Applications (IMWS), 2011 IEEE MTT-S International},
  pages={73--76},
  year={2011},
  organization={IEEE},
  keywords={mine}
}
@inproceedings{taylor2010wireless,
  title={A wireless power station for laptop computers},
  author={Taylor, Jason A and Low, Zhen Ning and Casanova, Joaquin and Lin, Jenshan},
  booktitle={2010 IEEE Radio and Wireless Symposium (RWS)},
  pages={625--628},
  year={2010},
  organization={IEEE},
  keywords={mine}
}
@article{casanova2010design,
  title={Design of a {3-D} fractal heatsink antenna},
  author={Casanova, Joaquin J and Taylor, Jason A and Lin, Jenshan},
  journal={IEEE Antennas and Wireless Propagation Letters},
  volume={9},
  pages={1061--1064},
  year={2010},
  publisher={IEEE},
  keywords={mine}
}
@article{low2010method,
  title={Method of load/fault detection for loosely coupled planar wireless power transfer system with power delivery tracking},
  author={Low, Zhen Ning and Casanova, Joaquin Jesus and Maier, Paul Hadley and Taylor, Jason Allen and Chinga, Raul Andres and Lin, Jenshan},
  journal={IEEE Transactions on Industrial Electronics},
  volume={57},
  number={4},
  pages={1478--1486},
  year={2010},
  publisher={IEEE},
  keywords={mine}
}
@article{casanova2009design,
  title={Design and optimization of a class-E amplifier for a loosely coupled planar wireless power system},
  author={Casanova, Joaquin J and Low, Zhen Ning and Lin, Jenshan},
  journal={IEEE Transactions on Circuits and Systems II: Express Briefs},
  volume={56},
  number={11},
  pages={830--834},
  year={2009},
  publisher={IEEE},
  keywords={mine}
}

@article{casanova2009loosely,
  title={A loosely coupled planar wireless power system for multiple receivers},
  author={Casanova, Joaquin J and Low, Zhen Ning and Lin, Jenshan},
  journal={IEEE Transactions on Industrial Electronics},
  volume={56},
  number={8},
  pages={3060--3068},
  year={2009},
  publisher={IEEE},
  keywords={mine}
}
@article{casanova2008estimation,
  title={Estimation of energy and moisture fluxes for dynamic vegetation using coupled SVAT and crop-growth models},
  author={Casanova, Joaquin J and Judge, Jasmeet},
  journal={Water resources research},
  volume={44},
  number={7},
  year={2008},
  publisher={Wiley Online Library},
  keywords={mine}
}

@article{casanova2007modeling,
  title={Modeling transmission of microwaves through dynamic vegetation},
  author={Casanova, Joaquin J and Judge, Jasmeet and Jang, Miyoung},
  journal={IEEE Transactions on Geoscience and Remote Sensing},
  volume={45},
  number={10},
  pages={3145--3149},
  year={2007},
  publisher={IEEE},
  keywords={mine}
}

@article{lizaso2007developing,
  title={Developing a sweet corn simulation model to predict fresh market yield and quality of ears},
  author={Lizaso, JI and Boote, KJ and Cherr, CM and Scholberg, JMS and Casanova, JJ and Judge, J and Jones, JW and Hoogenboom, G},
  journal={Journal of the American Society for Horticultural Science},
  volume={132},
  number={3},
  pages={415--422},
  year={2007},
  publisher={American Society for Horticultural Science},
  keywords={mine}
}
@article{casanova2006calibration,
  title={Calibration of the CERES-Maize model for linkage with a microwave remote sensing model},
  author={Casanova, JJ and Judge, J and Jones, JW},
  journal={Transactions of the ASABE},
  volume={49},
  number={3},
  pages={783--792},
  year={2006},
  publisher={American Society of Agricultural and Biological Engineers},
  keywords={mine}
}
@inproceedings{casanova2013wireless,
  title={Wireless computer vision system for crop stress detection},
  author={Casanova, Joaquin and Oshaughnessy, Susan and Evett, Steven},
  booktitle={ASA-CSSA-SSSA Annual Meeting Abstracts},
  pages={123},
  year={2013},
  organization={ASA-CSSA-SSSA Annual Meeting Abstracts. Session 196-7},
  keywords={mine}
}
@inproceedings{evett2013soil,
  title={Soil water sensors for irrigation management-What works, what doesn't, and why},
  author={Evett, Steven and Schwartz, Robert and Casanova, Joaquin},
  booktitle={Meeting Abstract},
  year={2013},
  keywords={mine}
}
@inproceedings{casanova2011field,
  title={Field Tests of a Down-Hole TDR Profiling Water Content Measurement System.},
  author={Casanova, Joaquin and Evett, STEVEN and Schwartz, ROBERT and Anderson, Scott K},
  booktitle={ASA, CSA, SSA International Annual Meetings},
  year={2011},
  keywords={mine}
}
@inproceedings{casanova2006transmission,
  title={Transmission of Microwaves Through a Dynamic Corn Canopy in Emission Models},
  author={Casanova, Joaquin and Jang, Miyoung and Judge, Jasmeet},
  booktitle={2006 IEEE International Symposium on Geoscience and Remote Sensing},
  pages={2025--2027},
  year={2006},
  organization={IEEE},
  keywords={mine}
}
@inproceedings{casanova2005land,
  title={Land Surface Fluxes for Dynamic Vegetation Through Linkage of SVAT and Crop Models},
  author={Casanova, JJ and Judge, J},
  booktitle={AGU Fall Meeting Abstracts},
  year={2005},
  keywords={mine}
}
@inproceedings{casanova2005calibration,
  title={Calibration of the CERES-Maize Model for Linkage with a Microwave Remote Sensing Model},
  author={Casanova, Joaquin J and Judge, Jasmeet and Jones, James W},
  booktitle={2005 ASAE Annual Meeting},
  pages={1},
  year={2005},
  organization={American Society of Agricultural and Biological Engineers},
  keywords={mine}
}
@inproceedings{casanova2009transmitting,
  title={Transmitting coil achieving uniform magnetic field distribution for planar wireless power transfer system},
  author={Casanova, Joaquin J and Low, Zhen Ning and Lin, Jenshan and Tseng, Ryan},
  booktitle={2009 IEEE Radio and Wireless Symposium},
  pages={530--533},
  year={2009},
  organization={IEEE},
  keywords={mine}
}
@inproceedings{casanova2011design,
  title={Design and testing of access-tube TDR soil water sensor},
  author={Casanova, Joaquin J and Evett, Steven R and Schwartz, Robert C},
  booktitle={2011 Louisville, Kentucky, August 7-10, 2011},
  pages={1},
  year={2011},
  organization={American Society of Agricultural and Biological Engineers},
  keywords={mine}
}

dnp
@article{grinberg1983electron,
  title={Electron paramagnetic resonance of free radicals in the two-millimetre wavelength range},
  author={Grinberg, O Ya and Dubinskii, Aleksandr Anatol'evich and Lebedev, Yakov S},
  journal={Russian Chemical Reviews},
  volume={52},
  number={9},
  pages={850},
  year={1983},
  publisher={IOP Publishing}
}

@article{long1983resonant,
  title={The resonant cylindrical dielectric cavity antenna},
  author={Long, Stuart A and McAllister, Mark W and Shen, Liang C},
  journal={IEEE Transactions on Antennas and Propagation},
  volume={31},
  pages={406--412},
  year={1983}
}


@manual{teflon,
  title  = "Teflon Properties Handbook",
  author = "DuPont",
  note   = "http://www.rjchase.com/ptfe{\_}handbook.pdf",
  year   = "Accessed Nov 30, 2016"
}
@manual{sapphire,
  title  = "Typical Properties of Sapphire Wafers and Substrates",
  author = "Valley Design",
  note   = "http://www.valleydesign.com/sappprop.htm",
  year   = "Accessed Nov 30, 2016"
}
@manual{quartz,
  title  = "Properties of Fused Quartz",
  author = "Technical Glass",
  note   = "https://www.technicalglass.com/technical{\_}properties.html",
  year   = "Accessed Nov 30, 2016"
}



@article{annino2005axially,
  title={Axially open nonradiative structures: an example of single-mode resonator based on the sample holder},
  author={Annino, G and Cassettari, M and Martinelli, M},
  journal={Review of scientific instruments},
  volume={76},
  number={8},
  pages={084702},
  year={2005},
  publisher={AIP Publishing}
}

@article{brey2006ybco,
  title={Design, Construction and Validation of a 1 mm Triple Resonance High-Temperature Superconducting Probe for {NMR}},
  author={Brey, WW and Edison, AS and Nast, R and Rocca, J Saikat Saha, S and Withers, RS},
  journal={Journal of Magnetic Resonance },
  volume={179},
  number={2},
  pages={290--293},
  year={2006},
  publisher={Elsevier}
}

@article{tijssen2016stripline,
  title={Spatially resolved spectroscopy using tapered stripline {NMR}},
  author={Tijssen , KCH and Jacob, B and Tiggelaar, RM and Janssen, JWG and Kentgens, APM and van Bentum, JPM},
  journal={Journal of Magnetic Resonance },
  volume={263},
  number={},
  pages={136--146},
  year={2016},
  publisher={Elsevier}
}


@article{weis1999resonance,
  title={High-field {DNP} and {ENDOR} with a novel multiple-frequency resonance structure},
  author={Weis, V and Bennati, M and  Rosay, M and Bryant, JA and Griffin, RG},
  journal={Journal of Magnetic Resonance },
  volume={140},
  number={},
  pages={293--299},
  year={1999},
  publisher={Elsevier}
}

@article{annino2010resonance,
  title={A High-conversion-factor double-resonance structure for high-field dynamic nuclear polarization},
  author={Annino, G and Villanueva-Garibay, JA and van Bentum, PJM and Klaassen, AAK and Kentgens, APM},
  journal={Applied Magnetic Resonance},
  volume={37},
  number={},
  pages={2010},
  year={851--864},
  publisher={Springer}
}

@article{little1997microring,
  title={Microring resonator channel dropping filters},
  author={Little, Brent E and Chu, Sai T and Haus, Hermann A and Foresi, J and Laine, J-P},
  journal={Journal of Lightwave Technology},
  volume={15},
  number={6},
  pages={998--1005},
  year={1997},
  publisher={IEEE}
}

@book{balanis2012advanced,
  title={Advanced Engineering Electromagnetics},
  author={Balanis, Constantine A},
  year={2012},
  publisher={John Wiley \& Sons}
}
@article{denysenkov2012liquid,
  title={Liquid state dynamic nuclear polarization probe with Fabry--Perot resonator at 9.2 T},
  author={Denysenkov, Vasyl and Prisner, Thomas},
  journal={Journal of Magnetic Resonance},
  volume={217},
  pages={1--5},
  year={2012},
  publisher={Elsevier}
}
@article{sezer2009dynamic,
  title={Dynamic nuclear polarization of water by a nitroxide radical: rigorous treatment of the electron spin saturation and comparison with experiments at 9.2 {T}esla},
  author={Sezer, Deniz and Gafurov, Marat and Prandolini, Mark J and Denysenkov, Vasyl P and Prisner, Thomas F},
  journal={Physical Chemistry Chemical Physics},
  volume={11},
  number={31},
  pages={6638--6653},
  year={2009},
  publisher={Royal Society of Chemistry}
}
@article{denysenkov2008high,
  title={High-field {DNP} spectrometer for liquids},
  author={Denysenkov, VP and Prandolini, MJ and Krahn, A and Gafurov, M and Endeward, B and Prisner, TF},
  journal={Applied Magnetic Resonance},
  volume={34},
  number={3-4},
  pages={289--299},
  year={2008},
  publisher={Springer}
}
@article{tayler2015analysis,
  title={Analysis of mass-limited mixtures using supercritical-fluid chromatography and microcoil {NMR}},
  author={Tayler, Michael CD and van Meerten, S Bas GJ and Kentgens, Arno PM and van Bentum, P Jan M},
  journal={Analyst},
  volume={140},
  number={18},
  pages={6217--6221},
  year={2015},
  publisher={Royal Society of Chemistry}
}
@article{griesinger2012dynamic,
  title={Dynamic nuclear polarization at high magnetic fields in liquids},
  author={Griesinger, C and Bennati, M and Vieth, Hans-Martin and Luchinat, C and Parigi, G and H{\"o}fer, P and Engelke, F and Glaser, SJ and Denysenkov, V and Prisner, TF},
  journal={Progress in Nuclear Magnetic Resonance Spectroscopy},
  volume={64},
  pages={4--28},
  year={2012},
  publisher={Elsevier}
}
@article{krummenacker2012liquid,
  title={Liquid state {DNP} on metabolites at 260 {GHz EPR/400 MHz NMR} frequency},
  author={Krummenacker, Jan G and Denysenkov, Vasyl P and Prisner, Thomas F},
  journal={Applied magnetic resonance},
  volume={43},
  number={1-2},
  pages={139--146},
  year={2012},
  publisher={Springer}
}
@article{neugebauer2013liquid,
  title={Liquid state {DNP} of water at 9.2 {T}: an experimental access to saturation},
  author={Neugebauer, Petr and Krummenacker, Jan G and Denysenkov, Vasyl P and Parigi, Giacomo and Luchinat, Claudio and Prisner, Thomas F},
  journal={Physical Chemistry Chemical Physics},
  volume={15},
  number={16},
  pages={6049--6056},
  year={2013},
  publisher={Royal Society of Chemistry}
}
@article{van2014liquid,
  title={Liquid state dynamic nuclear polarization of ethanol at 3.4 T (95 GHz)},
  author={van der Heijden, GHA and Kentgens, APM and van Bentum, PJM},
  journal={Physical Chemistry Chemical Physics},
  volume={16},
  number={18},
  pages={8493--8502},
  year={2014},
  publisher={Royal Society of Chemistry}
}
@article{kogelnik1966laser,
  title={Laser beams and resonators},
  author={Kogelnik, Herwig and Li, Tingye},
  journal={Applied optics},
  volume={5},
  number={10},
  pages={1550--1567},
  year={1966},
  publisher={Optical Society of America}
}
@article{gallot2000terahertz,
  title={Terahertz waveguides},
  author={Gallot, G and Jamison, SP and McGowan, RW and Grischkowsky, D},
  journal={JOSA B},
  volume={17},
  number={5},
  pages={851--863},
  year={2000},
  publisher={Optical Society of America}
}

@article{goldsmith1991qo,
  title={Quasi-optical techniques},
  author={Goldsmith, Paul F},
  journal={Proceedings of the IEEE},
  volume={80},
  number={11},
  pages={1729--1747},
  year={1991},
  publisher={IEEE}
} 

@article{goldsmith1980quasi,
  title={A quasi-optical single sideband filter employing a semiconfocal resonator},
  author={Goldsmith, Paul F and Schlossberg, Howard},
  journal={IEEE Transactions on Microwave Theory and Techniques},
  volume={28},
  number={10},
  pages={1136--1139},
  year={1980},
  publisher={IEEE}
} 

@article{fox1961resonant,
  title={Resonant modes in a maser interferometer},
  author={Fox, Arthur G and Li, Tingye},
  journal={Bell System Technical Journal},
  volume={40},
  number={2},
  pages={453--488},
  year={1961},
  publisher={Wiley Online Library}
}
@article{arnaud1975resonant,
  title={Resonant-grid quasi-optical diplexers},
  author={Arnaud, JA and Pelow, FA},
  journal={The Bell System Technical Journal},
  volume={54},
  number={2},
  pages={263--283},
  year={1975},
  publisher={Alcatel-Lucent}
}
@article{tomaselli1981far,
  title={Far-infrared bandpass filters from cross-shaped grids},
  author={Tomaselli, VP and Edewaard, DC and Gillan, P and M{\"o}ller, KD},
  journal={Applied optics},
  volume={20},
  number={8},
  pages={1361--1366},
  year={1981},
  publisher={Optical Society of America}
}
@article{zhang1991optical,
  title={Optical control of millimeter wave high Tc superconducting quasi-optical bandpass filters},
  author={Zhang, Dawei and Plant, DV and Fetterman, Harold R and Chou, Kevin and Prakash, Shiva and Deshpandey, CV and Bunshah, Rointan F},
  journal={Applied physics letters},
  volume={58},
  number={14},
  pages={1560--1562},
  year={1991},
  publisher={AIP Publishing}
}
@article{cullen1967new,
  title={New technique for measurement of total scattering cross-sections using an open resonator},
  author={Cullen, AL},
  journal={Electronics Letters},
  volume={12},
  number={3},
  pages={557--558},
  year={1967}
}
@article{schulten1967microwave,
  title={Microwave Optical Ring Resonators (Correspondence)},
  author={Schulten, G},
  journal={IEEE Transactions on Microwave Theory and Techniques},
  volume={15},
  number={1},
  pages={54--55},
  year={1967},
  publisher={IEEE}
}
@article{strain1962millimeter,
  title={Millimeter Wave Cavity Coupling by Quarter Wave-Transformer},
  author={Strain, RJ and Coleman, PD},
  journal={Trans. IEEE},
  pages={612},
  year={1962}
}
@inproceedings{tocho2012optical,
  title={Optical properties of silicon, sapphire, silica and glass in the Terahertz range},
  author={Tocho, Jorge O and Sanjuan, Federico},
  booktitle={Latin America Optics and Photonics Conference},
  pages={LT4C--1},
  year={2012},
  organization={Optical Society of America}
}

@article{ganapolskii2007influence,
  title={Influence of random bulk inhomogeneities on quasioptical cavity resonator spectrum},
  author={Ganapolskii, EM and Eremenko, ZE and Tarasov, Yu V},
  journal={Physical Review E},
  volume={75},
  number={2},
  pages={026212},
  year={2007},
  publisher={APS}
}

@article{mendis2009terahertz,
  title={Terahertz microfluidic sensor based on a parallel-plate waveguide resonant cavity},
  author={Mendis, Rajind and Astley, Victoria and Liu, Jingbo and Mittleman, Daniel M},
  journal={Applied Physics Letters},
  volume={95},
  number={17},
  pages={851--863},
  year={2009},
  publisher={AIP Publishing}
}

@article{siegman1967modes,
  title={Modes in unstable optical resonators and lens waveguides},
  author={Siegman, A and Arrathoon, Raymond},
  journal={IEEE Journal of Quantum Electronics},
  volume={3},
  number={4},
  pages={156--163},
  year={1967},
  publisher={IEEE}
}

@article{lamb1996miscellaneous,
  title={Miscellaneous data on materials for millimetre and submillimetre optics},
  author={Lamb, James W},
  journal={International Journal of Infrared and Millimeter Waves},
  volume={17},
  number={12},
  pages={1997--2034},
  year={1996},
  publisher={Springer}
}

@article{goto2004teflon,
  title={Teflon photonic crystal fiber as terahertz waveguide},
  author={Goto, Masahiro and Quema, Alex and Takahashi, Hiroshi and Ono, Shingo and Sarukura, Nobuhiko},
  journal={Japanese Journal of Applied Physics},
  volume={43},
  number={2B},
  pages={L317},
  year={2004},
  publisher={IOP Publishing}
}

@article{han2002terahertz,
  title={Terahertz pulse propagation in a plastic photonic crystal fiber},
  author={Han, H and Park, H and Cho, M and Kim, J},
  journal={Applied Physics Letters},
  volume={80},
  number={15},
  pages={2634--2636},
  year={2002},
  publisher={AIP Publishing}
}

@article{delisio2002quasi,
  title={Quasi-optical and spatial power combining},
  author={DeLisio, Michael P and York, Robert A},
  journal={IEEE Transactions on Microwave Theory and Techniques},
  volume={50},
  number={3},
  pages={929--936},
  year={2002}
}

@article{vlasov1974quasioptical,
  title={Quasioptical transformer which transforms the waves in a waveguide having a circular cross section into a highly directional wave beam},
  author={Vlasov, Sergei N and Orlova, IM},
  journal={Radiophysics and Quantum Electronics},
  volume={17},
  number={1},
  pages={115--119},
  year={1974},
  publisher={Springer}
}

atd
@article{overley2006explosives,
  title={Explosives detection via fast neutron transmission spectroscopy},
  author={Overley, JC and Chmelik, MS and Rasmussen, RJ and Schofield, RMS and Sieger, GE and Lefevre, HW},
  journal={Nuclear Instruments and Methods in Physics Research Section B: Beam Interactions with Materials and Atoms},
  volume={251},
  number={2},
  pages={470--478},
  year={2006},
  publisher={Elsevier}
}
atd
@inproceedings{cohen2008surveillance,
  title={A surveillance system for the recognition of intent within individuals and crowds},
  author={Cohen, Charles J and Morelli, Frank and Scott, Katherine A},
  booktitle={Technologies for Homeland Security, 2008 IEEE Conference on},
  pages={559--565},
  year={2008},
  organization={IEEE}
}

@article{chen2001automatic,
  title={Automatic two-stage IR and MMW image registration algorithm for concealed weapons detection},
  author={Chen, H-M and Varshney, PK},
  journal={IEE Proceedings-Vision, Image and Signal Processing},
  volume={148},
  number={4},
  pages={209--216},
  year={2001},
  publisher={IET}
}
@inproceedings{schnizler2014heterogeneous,
  title={Heterogeneous stream processing for disaster detection and alarming},
  author={Schnizler, Fran{\c{c}}ois and Liebig, Thomas and Marmor, Shie and Souto, Gustavo and Bothe, Sebastian and Stange, Hendrik},
  booktitle={Big Data (Big Data), 2014 IEEE International Conference on},
  pages={914--923},
  year={2014},
  organization={IEEE}
}

@inproceedings{bahrepour2010distributed,
  title={Distributed event detection in wireless sensor networks for disaster management},
  author={Bahrepour, Majid and Meratnia, Nirvana and Poel, Mannes and Taghikhaki, Zahra and Havinga, Paul JM},
  booktitle={Intelligent Networking and Collaborative Systems (INCOS), 2010 2nd International Conference on},
  pages={507--512},
  year={2010},
  organization={IEEE}
}
@article{radhika2010using,
  title={Using wavelets as an effective alternative tool for wind disaster detection from satellite images},
  author={Radhika, Sudha and Tamura, Yukio and Matsui, Masahiro},
  journal={Proceedings of Computational Wind Engineering (CWE2010), North Carolina, USA},
  year={2010}
}
@article{white2011wreckwatch,
  title={Wreckwatch: Automatic traffic accident detection and notification with smartphones},
  author={White, Jules and Thompson, Chris and Turner, Hamilton and Dougherty, Brian and Schmidt, Douglas C},
  journal={Mobile Networks and Applications},
  volume={16},
  number={3},
  pages={285--303},
  year={2011},
  publisher={Springer}
}

@article{nowicki2016low,
  title={Low-effort place recognition with WiFi fingerprints using deep learning},
  author={Nowicki, Micha{\l} and Wietrzykowski, Jan},
  journal={arXiv preprint arXiv:1611.02049},
  year={2016}
}

@inproceedings{le2012wifi,
  title={WiFi fingerprint indoor positioning system using probability distribution comparison},
  author={Le Dortz, Nicolas and Gain, Florian and Zetterberg, Per},
  booktitle={2012 IEEE international conference on acoustics, speech and signal processing (ICASSP)},
  pages={2301--2304},
  year={2012},
  organization={IEEE}
}
@article{bisio2014trainingless,
  title={A trainingless wifi fingerprint positioning approach over mobile devices},
  author={Bisio, Igor and Cerruti, Matteo and Lavagetto, Fabio and Marchese, Mario and Pastorino, Matteo and Randazzo, Andrea and Sciarrone, Andrea},
  journal={IEEE Antennas and Wireless Propagation Letters},
  volume={13},
  pages={832--835},
  year={2014},
  publisher={IEEE}
}

@article{sun2013dual,
  title={A dual-band rectenna using broadband yagi antenna array for ambient RF power harvesting},
  author={Sun, Hucheng and Guo, Yong-xin and He, Miao and Zhong, Zheng},
  journal={IEEE Antennas and Wireless Propagation Letters},
  volume={12},
  pages={918--921},
  year={2013},
  publisher={IEEE}
}

@inproceedings{tzeremes2002use,
  title={Use of Weibull distribution for describing outdoor multipath fading},
  author={Tzeremes, George and Christodoulou, CG},
  booktitle={Antennas and Propagation Society International Symposium, 2002. IEEE},
  volume={1},
  pages={232--235},
  year={2002},
  organization={IEEE}
}

@inproceedings{allan1998line,
  title={On-line new event detection and tracking},
  author={Allan, James and Papka, Ron and Lavrenko, Victor},
  booktitle={Proceedings of the 21st annual international ACM SIGIR conference on Research and development in information retrieval},
  pages={37--45},
  year={1998},
  organization={ACM}
}
@inproceedings{guralnik1999event,
  title={Event detection from time series data},
  author={Guralnik, Valery and Srivastava, Jaideep},
  booktitle={Proceedings of the fifth ACM SIGKDD international conference on Knowledge discovery and data mining},
  pages={33--42},
  year={1999},
  organization={ACM}
}
@inproceedings{sakaki2010earthquake,
  title={Earthquake shakes Twitter users: real-time event detection by social sensors},
  author={Sakaki, Takeshi and Okazaki, Makoto and Matsuo, Yutaka},
  booktitle={Proceedings of the 19th international conference on World wide web},
  pages={851--860},
  year={2010},
  organization={ACM}
}

@article{rabiner1989tutorial,
  title={A tutorial on hidden Markov models and selected applications in speech recognition},
  author={Rabiner, Lawrence R},
  journal={Proceedings of the IEEE},
  volume={77},
  number={2},
  pages={257--286},
  year={1989},
  publisher={IEEE}
}

@article{pinuela2013ambient,
  title={Ambient RF energy harvesting in urban and semi-urban environments},
  author={Pi{\~n}uela, Manuel and Mitcheson, Paul D and Lucyszyn, Stepan},
  journal={IEEE Transactions on Microwave Theory and Techniques},
  volume={61},
  number={7},
  pages={2715--2726},
  year={2013},
  publisher={IEEE}
}
@article{bruhn2005lucas,
  title={Lucas/Kanade meets Horn/Schunck: Combining local and global optic flow methods},
  author={Bruhn, Andr{\'e}s and Weickert, Joachim and Schn{\"o}rr, Christoph},
  journal={International Journal of Computer Vision},
  volume={61},
  number={3},
  pages={211--231},
  year={2005},
  publisher={Springer}
}
@inproceedings{andrade2006hidden,
  title={Hidden markov models for optical flow analysis in crowds},
  author={Andrade, Ernesto L and Blunsden, Scott and Fisher, Robert B},
  booktitle={18th International Conference on Pattern Recognition (ICPR'06)},
  volume={1},
  pages={460--463},
  year={2006},
  organization={IEEE}
}
@article{horn1981determining,
  title={Determining optical flow},
  author={Horn, Berthold KP and Schunck, Brian G},
  journal={Artificial intelligence},
  volume={17},
  number={1-3},
  pages={185--203},
  year={1981},
  publisher={Elsevier}
}

@article{sigg2014rf,
  title={Rf-sensing of activities from non-cooperative subjects in device-free recognition systems using ambient and local signals},
  author={Sigg, Stephan and Scholz, Markus and Shi, Shuyu and Ji, Yusheng and Beigl, Michael},
  journal={IEEE Transactions on Mobile Computing},
  volume={13},
  number={4},
  pages={907--920},
  year={2014},
  publisher={IEEE}
}

Bees

@misc{weather2016,
  title={Personal Weather Station Network},
  author={WeatherUnderground},
  year={2016},
  publisher={Available: https://www.wunderground.com/weatherstation/overview.asp}
}


@article{nass2012census,
  title={Census of agriculture},
  author={NASS, USDA},
  journal={US Department of Agriculture, National Agricultural Statistics Service, Washington, DC},
  year={2012}
}

@article{schwartz2016evaluation,
  title={Evaluation of a Direct-Coupled Time-Domain Reflectometry for Determination of Soil Water Content and Bulk Electrical Conductivity},
  author={Schwartz, Robert C and Evett, Steven R and Anderson, Scott K and Anderson, David J},
  journal={Vadose Zone Journal},
  volume={15},
  number={1},
  year={2016},
  publisher={The Soil Science Society of America, Inc.}
}

@article{yuen1990comparative,
  title={Comparative study of Hough transform methods for circle finding},
  author={Yuen, HK and Princen, John and Illingworth, John and Kittler, Josef},
  journal={Image and vision computing},
  volume={8},
  number={1},
  pages={71--77},
  year={1990},
  publisher={Elsevier}
}

@misc{bromenshenk2009honey,
  title={Honey bee acoustic recording and analysis system for monitoring hive health},
  author={Bromenshenk, Jerry J and Henderson, Colin B and Seccomb, Robert A and Rice, Steven D and Etter, Robert T},
  year={2009},
  publisher={Google Patents},
  note={US Patent 7,549,907}
}

@article{shaw2011long,
  title={Long-wave infrared imaging for non-invasive beehive population assessment},
  author={Shaw, Joseph A and Nugent, Paul W and Johnson, Jennifer and Bromenshenk, Jerry J and Henderson, Colin B and Debnam, Scott},
  journal={Optics express},
  volume={19},
  number={1},
  pages={399--408},
  year={2011},
  publisher={Optical Society of America}
}

@article{carlsten2011field,
  title={Field demonstration of a scanning lidar and detection algorithm for spatially mapping honey bees for biological detection of land mines},
  author={Carlsten, Erik S and Wicks, Geoffrey R and Repasky, Kevin S and Carlsten, John L and Bromenshenk, Jerry J and Henderson, Colin B},
  journal={Applied optics},
  volume={50},
  number={14},
  pages={2112--2123},
  year={2011},
  publisher={Optical Society of America}
}

@article{dalton1984time,
  title={Time-domain reflectometry: Simultaneous measurement of soil water content and electrical conductivity with a single probe},
  author={Dalton, FN and Herkelrath, WN and Rawlins, DS and Rhoades, JD},
  journal={Science},
  volume={224},
  number={4652},
  pages={989--990},
  year={1984},
  publisher={American Association for the Advancement of Science}
}


@article{spivak2010plight,
  title={The Plight of the Bees†},
  author={Spivak, Marla and Mader, Eric and Vaughan, Mace and Euliss Jr, Ned H},
  journal={Environmental science \& technology},
  volume={45},
  number={1},
  pages={34--38},
  year={2010},
  publisher={ACS Publications}
}


@article{guo2010sugar,
  title={Sugar and water contents of honey with dielectric property sensing},
  author={Guo, Wenchuan and Zhu, Xinhua and Liu, Yi and Zhuang, Hong},
  journal={Journal of Food Engineering},
  volume={97},
  number={2},
  pages={275--281},
  year={2010},
  publisher={Elsevier}
}


@misc{national2012report,
  title={Report on the National Stakeholder’s Conference on Honey Bee Health},
  author={National Honey Bee Health Stakeholder Conference Steering Committee and others},
  year={2012},
  publisher={Alexandria, Virginia. Available: http://www. usda. gov/documents/ReportHoneyBeeHealth. pdf}
}
@misc{fl2015report,
  title={{FDACS} Annual Report 2015},
  author={Florida Department of Agriculture and Consumer Service},
  year={2015},
  publisher={Available: http://www.freshfromflorida.com/Forms-Publications/Publications/FDACS-Annual-Reports}
}


@misc{national2015report,
  title={Pollinator Research Action Plan},
  author={Pollinator Health Task Force},
  year={2015},
  publisher={Alexandria, Virginia. https://www.whitehouse.gov/sites/default/files/microsites/ostp/Pollinator%20Research%20Action%20Plan%202015.pdf}
}



@article{de2010deformed,
  title={Deformed wing virus},
  author={De Miranda, Joachim R and Genersch, Elke},
  journal={Journal of Invertebrate Pathology},
  volume={103},
  pages={S48--S61},
  year={2010},
  publisher={Elsevier}
}


@article{meikle2008within,
  title={Within-day variation in continuous hive weight data as a measure of honey bee colony activity},
  author={Meikle, William G and Rector, Brian G and Mercadier, Guy and Holst, Niels},
  journal={Apidologie},
  volume={39},
  number={6},
  pages={694--707},
  year={2008},
  publisher={Springer}
}


@inproceedings{murphy2015big,
  title={Big brother for bees (3B)—Energy neutral platform for remote monitoring of beehive imagery and sound},
  author={Murphy, Fiona Edwards and Magno, Michele and O'Leary, Liam and Troy, Killian and Whelan, P{\'a}draig and Popovici, Emanuel M},
  booktitle={Advances in Sensors and Interfaces (IWASI), 2015 6th IEEE International Workshop on},
  pages={106--111},
  year={2015},
  organization={IEEE}
}


@article{kremen2011evaluating,
  title={Evaluating the quality of citizen-scientist data on pollinator communities},
  author={Kremen, C and Ullman, KS and Thorp, RW},
  journal={Conservation Biology},
  volume={25},
  number={3},
  pages={607--617},
  year={2011},
  publisher={Wiley Online Library}
}


@article{azarcoya2014automatic,
  title={Automatic detection of bumblebees using video analysis},
  author={Azarcoya-Cabiedes, Willy and Vera-Alfaro, Pablo and Torres-Ruiz, Alfonso and Salas-Rodr{\'\i}guez, Joaqu{\'\i}n},
  journal={Dyna},
  volume={81},
  number={187},
  pages={81--84},
  year={2014},
  publisher={2006, Revista DYNA}
}
@article{blonquist2005time,
  title={A time domain transmission sensor with TDR performance characteristics},
  author={Blonquist Jr, JM and Jones, Scott B and Robinson, DA},
  journal={Journal of hydrology},
  volume={314},
  number={1},
  pages={235--245},
  year={2005},
  publisher={Elsevier}
}


@book{upton2014raspberry,
  title={Raspberry Pi user guide},
  author={Upton, Eben and Halfacree, Gareth},
  year={2014},
  publisher={John Wiley \& Sons}
}

@article{speybroeck2010weighing,
  title={Weighing risk factors associated with bee colony collapse disorder by classification and regression tree analysis},
  author={Speybroeck, Niko and Evans, Jay D and Nguyen, Bach Kim and Mullin, Chris and Frazier, Maryann and Frazier, Jim and Cox-Foster, Diana and Chen, Yanping and Tarpy, David R and Haubruge, Eric and others},
  journal={Journal of Economic Entomology},
  volume={103},
  number={5},
  pages={1517--1523},
  year={2010},
  publisher={The Oxford University Press}
}


@article{koch2011socially,
  title={Socially transmitted gut microbiota protect bumble bees against an intestinal parasite},
  author={Koch, Hauke and Schmid-Hempel, Paul},
  journal={Proceedings of the National Academy of Sciences},
  volume={108},
  number={48},
  pages={19288--19292},
  year={2011},
  publisher={National Acad Sciences}
}


@inproceedings{phillips2014testing,
  title={Testing a grassroots citizen science venture using open design, the bee lab project},
  author={Phillips, Robert Daniel and Blum, Jesse Michael and Brown, Michael A and Baurley, Sharon L},
  booktitle={Proceedings of the extended abstracts of the 32nd annual ACM conference on Human factors in computing systems},
  pages={1951--1956},
  year={2014},
  organization={ACM}
}


@inproceedings{murphy2015b+wsn,
  title={b+WSN: Smart beehive for agriculture, environmental, and honey bee health monitoring—Preliminary results and analysis},
  author={Murphy, Fiona Edwards and Magno, Michele and Whelan, P{\'a}draig and Vici, Emanuel Popo},
  booktitle={Sensors Applications Symposium (SAS), 2015 IEEE},
  pages={1--6},
  year={2015},
  organization={IEEE}
}


@article{furst2014disease,
  title={Disease associations between honey bees and bumblebees as a threat to wild pollinators},
  author={F{\"u}rst, MA and McMahon, Dino Peter and Osborne, JL and Paxton, RJ and Brown, MJF},
  journal={Nature},
  volume={506},
  number={7488},
  pages={364--366},
  year={2014},
  publisher={Nature Publishing Group}
}


@article{garibaldi2013wild,
  title={Wild pollinators enhance fruit set of crops regardless of honey bee abundance},
  author={Garibaldi, Lucas A and Steffan-Dewenter, Ingolf and Winfree, Rachael and Aizen, Marcelo A and Bommarco, Riccardo and Cunningham, Saul A and Kremen, Claire and Carvalheiro, Lu{\'\i}sa G and Harder, Lawrence D and Afik, Ohad and others},
  journal={science},
  volume={339},
  number={6127},
  pages={1608--1611},
  year={2013},
  publisher={American Association for the Advancement of Science}
}


@article{ferrari2008monitoring,
  title={Monitoring of swarming sounds in bee hives for early detection of the swarming period},
  author={Ferrari, Sara and Silva, Mitchell and Guarino, Marcella and Berckmans, Daniel},
  journal={Computers and electronics in agriculture},
  volume={64},
  number={1},
  pages={72--77},
  year={2008},
  publisher={Elsevier}
}


@article{goulson2003conserving,
  title={Conserving wild bees for crop pollination},
  author={Goulson, Dave and others},
  journal={Journal of Food Agriculture and Environment},
  volume={1},
  pages={142--144},
  year={2003},
  publisher={WFL PUBLISHER}
}

@article{vanengelsdorp2011survey,
  title={A survey of managed honey bee colony losses in the USA, fall 2009 to winter 2010},
  author={Vanengelsdorp, Dennis and Hayes Jr, Jerry and Underwood, Robyn M and Caron, Dewey and Pettis, Jeffery},
  journal={Journal of Apicultural Research},
  volume={50},
  number={1},
  pages={1--10},
  year={2011},
  publisher={Taylor \& Francis}
}
@article{campbell2008video,
  title={Video monitoring of honey bee colonies at the hive entrance},
  author={Campbell, Jason and Mummert, Lily and Sukthankar, Rahul},
  journal={Visual observation \& analysis of animal \& insect behavior, ICPR},
  volume={8},
  pages={1--4},
  year={2008}
}

@article{steen2011portable,
  title={Portable digital video surveillance system for monitoring flower-visiting bumblebees},
  author={Steen, Ronny and Aase, ALTO and Thorsdatter, A},
  journal={Journal of Pollination Ecology},
  volume={5},
  number={13},
  pages={90--94},
  year={2011}
}


@inproceedings{eren1997electronic,
  title={Electronic sensing and identification of queen bees in honey bee colonies},
  author={Eren, Halit and Whiffler, Lynne and Manning, Robert},
  booktitle={Instrumentation and Measurement Technology Conference, 1997. IMTC/97. Proceedings. Sensing, Processing, Networking., IEEE},
  volume={2},
  pages={1052--1055},
  year={1997},
  organization={IEEE}
}

Fluxgates
@article{primdahl1979fluxgate,
  title={The fluxgate magnetometer},
  author={Primdahl, Fritz},
  journal={Journal of Physics E: Scientific Instruments},
  volume={12},
  number={4},
  pages={241},
  year={1979},
  publisher={IOP Publishing}
}

@article{primdahl1970fluxgate,
  title={The fluxgate mechanism, part I: The gating curves of parallel and orthogonal fluxgates},
  author={Primdahl, Fritz},
  journal={IEEE transactions on magnetics},
  volume={6},
  number={2},
  pages={376--383},
  year={1970},
  publisher={IEEE}
}

EEG MEG ECoG Forward Inversion
@article{comon1994independent,
  title={Independent component analysis, a new concept?},
  author={Comon, Pierre},
  journal={Signal processing},
  volume={36},
  number={3},
  pages={287--314},
  year={1994},
  publisher={Elsevier}
}

@article{wakeman2015multi,
  title={A multi-subject, multi-modal human neuroimaging dataset},
  author={Wakeman, Daniel G and Henson, Richard N},
  journal={Scientific data},
  volume={2},
  year={2015},
  publisher={Nature Publishing Group}
}

@article{sharon2007advantage,
  title={The advantage of combining {MEG} and {EEG}: comparison to f{MRI} in focally stimulated visual cortex},
  author={Sharon, Dahlia and H{\"a}m{\"a}l{\"a}inen, Matti S and Tootell, Roger BH and Halgren, Eric and Belliveau, John W},
  journal={Neuroimage},
  volume={36},
  number={4},
  pages={1225--1235},
  year={2007},
  publisher={Elsevier}
}
@article{gramfort2014mne,
  title={{MNE} software for processing {MEG} and {EEG} data},
  author={Gramfort, Alexandre and Luessi, Martin and Larson, Eric and Engemann, Denis A and Strohmeier, Daniel and Brodbeck, Christian and Parkkonen, Lauri and H{\"a}m{\"a}l{\"a}inen, Matti S},
  journal={Neuroimage},
  volume={86},
  pages={446--460},
  year={2014},
  publisher={Elsevier}
}

@article{gramfort2013meg,
  title={{MEG} and {EEG} data analysis with {MNE}-{P}ython},
  author={Gramfort, Alexandre and Luessi, Martin and Larson, Eric and Engemann, Denis A and Strohmeier, Daniel and Brodbeck, Christian and Goj, Roman and Jas, Mainak and Brooks, Teon and Parkkonen, Lauri and others},
  journal={Frontiers in neuroscience},
  volume={7},
  pages={267},
  year={2013},
  publisher={Frontiers}
}

@article{lecun1998gradient,
  title={Gradient-based learning applied to document recognition},
  author={LeCun, Yann and Bottou, L{\'e}on and Bengio, Yoshua and Haffner, Patrick},
  journal={Proceedings of the IEEE},
  volume={86},
  number={11},
  pages={2278--2324},
  year={1998},
  publisher={IEEE}
}

@article{somersalo2003non,
  title={Non-stationary magnetoencephalography by Bayesian filtering of dipole models},
  author={Somersalo, E and Voutilainen, A and Kaipio, JP},
  journal={Inverse Problems},
  volume={19},
  number={5},
  pages={1047},
  year={2003},
  publisher={IOP Publishing}
}

@article{kingma2014adam,
  title={Adam: A method for stochastic optimization},
  author={Kingma, Diederik and Ba, Jimmy},
  journal={arXiv preprint arXiv:1412.6980},
  year={2014}
}
@article{venugopalan2014translating,
  title={Translating videos to natural language using deep recurrent neural networks},
  author={Venugopalan, Subhashini and Xu, Huijuan and Donahue, Jeff and Rohrbach, Marcus and Mooney, Raymond and Saenko, Kate},
  journal={arXiv preprint arXiv:1412.4729},
  year={2014}
}

@article{friston2003dynamic,
  title={Dynamic causal modelling},
  author={Friston, Karl J and Harrison, Lee and Penny, Will},
  journal={Neuroimage},
  volume={19},
  number={4},
  pages={1273--1302},
  year={2003},
  publisher={Elsevier}
}

@article{david2006dynamic,
  title={Dynamic causal modeling of evoked responses in {EEG} and {MEG}},
  author={David, Olivier and Kiebel, Stefan J and Harrison, Lee M and Mattout, J{\'e}r{\'e}mie and Kilner, James M and Friston, Karl J},
  journal={NeuroImage},
  volume={30},
  number={4},
  pages={1255--1272},
  year={2006},
  publisher={Elsevier}
}

@article{van2000eeg,
  title={{EEG} dipole source localization using artificial neural networks},
  author={Van Hoey, Gert and De Clercq, Jeremy and Vanrumste, Bart and Van de Walle, Rik and Lemahieu, Ignace and D'Hav{\'e}, Michel and Boon, Paul},
  journal={Physics in medicine and biology},
  volume={45},
  number={4},
  pages={997},
  year={2000},
  publisher={IOP Publishing}
}

@article{galka2004solution,
  title={A solution to the dynamical inverse problem of {EEG} generation using spatiotemporal Kalman filtering},
  author={Galka, Andreas and Yamashita, Okito and Ozaki, Tohru and Biscay, Rolando and Vald{\'e}s-Sosa, Pedro},
  journal={NeuroImage},
  volume={23},
  number={2},
  pages={435--453},
  year={2004},
  publisher={Elsevier}
}

@article{hochreiter1997long,
  title={Long short-term memory},
  author={Hochreiter, Sepp and Schmidhuber, J{\"u}rgen},
  journal={Neural computation},
  volume={9},
  number={8},
  pages={1735--1780},
  year={1997},
  publisher={MIT Press}
}

@article{grech2008review,
  title={Review on solving the inverse problem in {EEG} source analysis},
  author={Grech, Roberta and Cassar, Tracey and Muscat, Joseph and Camilleri, Kenneth P and Fabri, Simon G and Zervakis, Michalis and Xanthopoulos, Petros and Sakkalis, Vangelis and Vanrumste, Bart},
  journal={Journal of neuroengineering and rehabilitation},
  volume={5},
  number={1},
  pages={1},
  year={2008},
  publisher={BioMed Central}
}

@article{taulu2005applications,
  title={Applications of the signal space separation method},
  author={Taulu, Samu and Simola, Juha and Kajola, Matti},
  journal={IEEE transactions on signal processing},
  volume={53},
  number={9},
  pages={3359--3372},
  year={2005},
  publisher={IEEE}
}

@article{mosher1992multiple,
  title={Multiple dipole modeling and localization from spatio-temporal MEG data},
  author={Mosher, John C and Lewis, Paul S and Leahy, Richard M},
  journal={IEEE Transactions on Biomedical Engineering},
  volume={39},
  number={6},
  pages={541--557},
  year={1992},
  publisher={IEEE}
}

@article{buchner1997inverse,
  title={Inverse localization of electric dipole current sources in finite element models of the human head},
  author={Buchner, Helmut and Knoll, Gunter and Fuchs, Manfred and Rien{\"a}cker, Adrian and Beckmann, Rainer and Wagner, Michael and Silny, Jiri and Pesch, J{\"o}rg},
  journal={Electroencephalography and clinical Neurophysiology},
  volume={102},
  number={4},
  pages={267--278},
  year={1997},
  publisher={Elsevier}
}

@article{wolters2006influence,
  title={Influence of tissue conductivity anisotropy on {EEG/MEG} field and return current computation in a realistic head model: a simulation and visualization study using high-resolution finite element modeling},
  author={Wolters, Carsten Hermann and Anwander, Alfred and Tricoche, Xavier and Weinstein, D and Koch, Martin A and Macleod, Robert S},
  journal={NeuroImage},
  volume={30},
  number={3},
  pages={813--826},
  year={2006},
  publisher={Elsevier}
}

@article{dassios2003magnetoencephalography,
  title={Magnetoencephalography in ellipsoidal geometry},
  author={Dassios, George and Kariotou, Fotini},
  journal={Journal of Mathematical Physics},
  volume={44},
  number={1},
  pages={220--241},
  year={2003},
  publisher={AIP Publishing}
}
@article{geselowitz1970magnetic,
  title={On the magnetic field generated outside an inhomogeneous volume conductor by internal current sources},
  author={Geselowitz, D},
  journal={IEEE Transactions on Magnetics},
  volume={6},
  number={2},
  pages={346--347},
  year={1970},
  publisher={IEEE}
}
@article{geselowitz1967bioelectric,
  title={On bioelectric potentials in an inhomogeneous volume conductor},
  author={Geselowitz, David B},
  journal={Biophysical journal},
  volume={7},
  number={1},
  pages={1--11},
  year={1967},
  publisher={Elsevier}
}

@article{mellinger2007meg,
  title={An {MEG}-based brain--computer interface ({BCI})},
  author={Mellinger, J{\"u}rgen and Schalk, Gerwin and Braun, Christoph and Preissl, Hubert and Rosenstiel, Wolfgang and Birbaumer, Niels and K{\"u}bler, Andrea},
  journal={Neuroimage},
  volume={36},
  number={3},
  pages={581--593},
  year={2007},
  publisher={Elsevier}
}
@article{da2008impact,
  title={The impact of {EEG/MEG} signal processing and modeling in the diagnostic and management of epilepsy},
  author={da Silva, Fernando H Lopes},
  journal={IEEE Reviews in Biomedical Engineering},
  volume={1},
  pages={143--156},
  year={2008},
  publisher={IEEE}
}
@article{escabi2014high,
  title={A high-density, high-channel count, multiplexed $\mu$ECoG array for auditory-cortex recordings},
  author={Escab{\'\i}, Monty A and Read, Heather L and Viventi, Jonathan and Kim, Dae-Hyeong and Higgins, Nathan C and Storace, Douglas A and Liu, Andrew SK and Gifford, Adam M and Burke, John F and Campisi, Matthew and others},
  journal={Journal of neurophysiology},
  volume={112},
  number={6},
  pages={1566--1583},
  year={2014},
  publisher={Am Physiological Soc}
}
@article{van1988beamforming,
  title={Beamforming: A versatile approach to spatial filtering},
  author={Van Veen, Barry D and Buckley, Kevin M},
  journal={IEEE assp magazine},
  volume={5},
  number={2},
  pages={4--24},
  year={1988},
  publisher={IEEE}
}

@article{sekihara2001reconstructing,
  title={Reconstructing spatio-temporal activities of neural sources using an MEG vector beamformer technique},
  author={Sekihara, Kensuke and Nagarajan, Srikantan S and Poeppel, David and Marantz, Alec and Miyashita, Yasushi},
  journal={IEEE Transactions on Biomedical Engineering},
  volume={48},
  number={7},
  pages={760--771},
  year={2001},
  publisher={IEEE}
}
@article{sanchez2008extraction,
  title={Extraction and localization of mesoscopic motor control signals for human ECoG neuroprosthetics},
  author={Sanchez, Justin C and Gunduz, Aysegul and Carney, Paul R and Principe, Jose C},
  journal={Journal of neuroscience methods},
  volume={167},
  number={1},
  pages={63--81},
  year={2008},
  publisher={Elsevier}
}

Those fields that are not to be changed can be left out.
@IEEEtranBSTCTL{IEEEexample:BSTcontrol,
  CTLuse_article_number     = "yes",
  CTLuse_paper              = "yes",
  CTLuse_url                = "yes",
  CTLuse_forced_etal        = "no",
  CTLmax_names_forced_etal  = "10",
  CTLnames_show_etal        = "1",
  CTLuse_alt_spacing        = "yes",
  CTLalt_stretch_factor     = "4",
  CTLdash_repeated_names    = "yes",
  CTLname_format_string     = "{f.~}{vv~}{ll}{, jj}",
  CTLname_latex_cmd         = "",
  CTLname_url_prefix        = "[Online]. Available:"
}


